<record><leader>00000cas a2200000 i 4500</leader><controlfield tag="001">13105514</controlfield><controlfield tag="008">860204d18871901inudn ne      0    0eng c</controlfield><datafield ind1=" " ind2=" " tag="010"><subfield code="a">sn 86063072 </subfield></datafield><datafield ind1=" " ind2=" " tag="040"><subfield code="a">KSH</subfield><subfield code="b">eng</subfield><subfield code="e">rda</subfield><subfield code="c">KSH</subfield><subfield code="d">NPT</subfield><subfield code="d">NPI</subfield><subfield code="d">CNK</subfield><subfield code="d">OCLCQ</subfield><subfield code="d">IUL</subfield><subfield code="d">OCLCF</subfield></datafield><datafield ind1=" " ind2=" " tag="042"><subfield code="a">pcc</subfield></datafield><datafield ind1=" " ind2=" " tag="043"><subfield code="a">n-us-in</subfield></datafield><datafield ind1="0" ind2="4" tag="245"><subfield code="a">The Goshen daily news.</subfield></datafield><datafield ind1=" " ind2="1" tag="264"><subfield code="a">Goshen, Ind. :</subfield><subfield code="b">News Print. Co.,</subfield><subfield code="c">1887-</subfield></datafield><datafield ind1=" " ind2=" " tag="300"><subfield code="a">volumes</subfield></datafield><datafield ind1=" " ind2=" " tag="310"><subfield code="a">Daily (except Sun.)</subfield></datafield><datafield ind1=" " ind2=" " tag="336"><subfield code="a">text</subfield><subfield code="b">txt</subfield><subfield code="2">rdacontent</subfield></datafield><datafield ind1=" " ind2=" " tag="337"><subfield code="a">unmediated</subfield><subfield code="b">n</subfield><subfield code="2">rdamedia</subfield></datafield><datafield ind1=" " ind2=" " tag="338"><subfield code="a">volume</subfield><subfield code="b">nc</subfield><subfield code="2">rdacarrier</subfield></datafield><datafield ind1="0" ind2=" " tag="362"><subfield code="a">Vol. VI (December 10, 1887)-</subfield></datafield><datafield ind1="1" ind2=" " tag="362"><subfield code="a">Ceased in July 1901.</subfield></datafield><datafield ind1=" " ind2=" " tag="580"><subfield code="a">Also published in weekly eds. called: The Weekly news, 1885-1888; and: The Goshen weekly news, 1888-1901.</subfield></datafield><datafield ind1=" " ind2=" " tag="588"><subfield code="a">Latest issue consulted: 18th year (July 6, 1901).</subfield></datafield><datafield ind1=" " ind2="0" tag="651"><subfield code="a">Goshen (Elkhart County, Ind.)</subfield><subfield code="v">Newspapers.</subfield></datafield><datafield ind1=" " ind2="0" tag="651"><subfield code="a">Elkhart County (Ind.)</subfield><subfield code="v">Newspapers.</subfield></datafield><datafield ind1=" " ind2="7" tag="655"><subfield code="a">Newspapers.</subfield><subfield code="2">fast</subfield><subfield code="0">(OCoLC)fst01423814</subfield></datafield><datafield ind1=" " ind2="7" tag="651"><subfield code="a">Indiana</subfield><subfield code="z">Elkhart County.</subfield><subfield code="2">fast</subfield><subfield code="0">(OCoLC)fst01205779</subfield></datafield><datafield ind1=" " ind2="7" tag="651"><subfield code="a">Indiana</subfield><subfield code="z">Goshen (Elkhart County)</subfield><subfield code="2">fast</subfield><subfield code="0">(OCoLC)fst01692321</subfield></datafield><datafield ind1=" " ind2=" " tag="752"><subfield code="a">United States</subfield><subfield code="b">Indiana</subfield><subfield code="c">Elkhart</subfield><subfield code="d">Goshen.</subfield></datafield><datafield ind1="1" ind2=" " tag="775"><subfield code="t">Weekly news (Goshen, Ind.)</subfield><subfield code="w">(DLC)sn 87055822</subfield><subfield code="w">(OCoLC)15727191</subfield></datafield><datafield ind1="1" ind2=" " tag="775"><subfield code="t">Goshen weekly news</subfield><subfield code="w">(DLC)sn 87056068</subfield><subfield code="w">(OCoLC)15716781</subfield></datafield><datafield ind1="0" ind2="0" tag="780"><subfield code="t">Daily news (Goshen, Ind.)</subfield><subfield code="w">(DLC)sn 87056061</subfield><subfield code="w">(OCoLC)15721582</subfield></datafield><datafield ind1="0" ind2="7" tag="785"><subfield code="t">Goshen daily times</subfield><subfield code="w">(DLC)sn 87056064</subfield><subfield code="w">(OCoLC)15722502</subfield></datafield><datafield ind1="0" ind2="7" tag="785"><subfield code="t">Goshen daily news-times</subfield><subfield code="w">(DLC)sn 87056069</subfield><subfield code="w">(OCoLC)15727155</subfield></datafield><datafield ind1="4" ind2="1" tag="856"><subfield code="u">https://access.newspaperarchive.com/us/indiana/goshen/goshen-daily-news/</subfield></datafield></record>